<?xml version="1.0" encoding="UTF-8"?><collection xmlns="http://www.loc.gov/MARC21/slim"><record><leader>00582nam--2200205-i-4500</leader><controlfield tag="001">000030400</controlfield><controlfield tag="002">20161230</controlfield><controlfield tag="005">20170127125738</controlfield><controlfield tag="008">060222s1000------------r-----000-0-rum-d</controlfield><datafield ind1=" " ind2=" " tag="040"><subfield code="a">IFIN-HH</subfield></datafield><datafield ind1=" " ind2=" " tag="041"><subfield code="a">rum</subfield></datafield><datafield ind1=" " ind2=" " tag="080"><subfield code="a">535.37</subfield></datafield><datafield ind1="1" ind2=" " tag="100"><subfield code="a">Macarovici, Dan</subfield></datafield><datafield ind1="1" ind2="0" tag="245"><subfield code="a">Substante luminescente</subfield><subfield code="c">Dan Macarovici; Zsolt Hegedus; Elisabeth-Jeanne Popovici; Maria Aneculaese</subfield></datafield><datafield ind1=" " ind2=" " tag="260"><subfield code="a">Bucuresti</subfield><subfield code="b">Editura Tehnica</subfield><subfield code="c">1985</subfield></datafield><datafield ind1=" " ind2=" " tag="300"><subfield code="a">98 p</subfield></datafield><datafield ind1=" " ind2=" " tag="490"><subfield code="a">Stiinta Si Tehnica Pentru Toti</subfield></datafield><datafield ind1="1" ind2=" " tag="700"><subfield code="a">Aneculaese, Maria</subfield></datafield><datafield ind1=" " ind2=" " tag="852"><subfield code="a">72906</subfield><subfield code="c">535.37</subfield></datafield><datafield ind1=" " ind2=" " tag="CAT"><subfield code="a">SYS</subfield><subfield code="c">20170127</subfield><subfield code="h">125738</subfield></datafield></record></collection>